@article{Jiang2014,
author = {Jiang, Jimmy J and Leland, J Martin},
doi = {10.1177/0363546513519072},
journal = {The American journal of sports medicine},
number = {4},
pages = {880--5},
pmid = {24496506},
title = {{Analysis of pitching velocity in major league baseball players before and after ulnar collateral ligament reconstruction.}},
volume = {42},
year = {2014}
}

@article{Keller2016,
author = {Keller, Robert A. and Marshall, Nathan E. and Guest, John-Michael and Okoroha, Kelechi R. and Jung, Edward K. and Moutzouros, Vasilios},
doi = {10.1016/j.jse.2015.12.027},
journal = {Journal of Shoulder and Elbow Surgery},
number = {4},
pages = {671--675},
title = {{Major League Baseball pitch velocity and pitch type associated with risk of ulnar collateral ligament injury}},
volume = {25},
year = {2016}
}

@article{Cain2010,
author = {Cain, E Lyle and Andrews, James R and Dugas, Jeffrey R and Wilk, Kevin E and McMichael, Christopher S and Walter, James C and Riley, Rene{\'{e}} S and Arthur, Scott T},
doi = {10.1177/0363546510378100},
journal = {The American journal of sports medicine},
number = {12},
pages = {2426--2434},
pmid = {20929932},
title = {{Outcome of ulnar collateral ligament reconstruction of the elbow in 1281 athletes: Results in 743 athletes with minimum 2-year follow-up.}},
volume = {38},
year = {2010}
}

@article{Makhni2014,
author = {Makhni, Eric C and Lee, Randall W and Morrow, Zachary S and Gualtieri, Anthony P and Gorroochurn, Prakash and Ahmad, Christopher S},
doi = {10.1177/0363546514528864},
journal = {The American journal of sports medicine},
pages = {1323--1332},
pmid = {24705898},
title = {{Performance, Return to Competition, and Reinjury After Tommy John Surgery in Major League Baseball Pitchers: A Review of 147 Cases.}},
volume = {42},
year = {2014}
}

@article{Gray2014,
author = {Gray, Aaron D. and Cook, James L.},
doi = {10.1177/0363546514559883},
journal = {The American Journal of Sports Medicine},
number = {12},
pages = {NP54--NP55},
title = {{Return to Pitching After Tommy John Surgery: Letter to the Editor}},
volume = {42},
year = {2014}
}

@article{Erickson2014,
author = {Erickson, Brandon J and Gupta, Anil K and Harris, Joshua D and Bush-Joseph, Charles and Bach, Bernard R and Abrams, Geoffrey D and {San Juan}, Angielyn M and Cole, Brian J and Romeo, Anthony a},
doi = {10.1177/0363546513510890},
journal = {American Journal of Sports Medicine},
number = {3},
pages = {536--543},
pmid = {24352622},
title = {{Rate of return to pitching and performance after Tommy John surgery in Major League Baseball pitchers.}},
volume = {42},
year = {2014}
}

@article{Fleisig2015,
author = {Fleisig, G. S. and Leddon, C. E. and Laughlin, W. A. and Ciccotti, M. G. and Mandelbaum, B. R. and Aune, K. T. and Escamilla, R. F. and MacLeod, T. D. and Andrews, J. R.},
doi = {10.1177/0363546515570464},
journal = {The American Journal of Sports Medicine},
number = {5},
pages = {1045--1050},
pmid = {25690625},
title = {{Biomechanical Performance of Baseball Pitchers With a History of Ulnar Collateral Ligament Reconstruction}},
volume = {43},
year = {2015}
}

@article{Conte2015,
author = {Conte, Stan a and Fleisig, Glenn S and Dines, Joshua S and Wilk, Kevin E and Aune, Kyle T and Patterson-Flynn, Nancy and ElAttrache, Neal},
doi = {10.1177/0363546515580792},
journal = {The American Journal of Sports Medicine},
number = {7},
pages = {1764--1769},
pmid = {25925603},
title = {{Prevalence of Ulnar Collateral Ligament Surgery in Professional Baseball Players}},
volume = {43},
year = {2015}
}

